<record><leader>00000cas a22000007a 4500</leader><controlfield tag="001">9352244</controlfield><controlfield tag="008">830328d18321832maucr ne      0    0eng d</controlfield><datafield ind1=" " ind2=" " tag="010"><subfield code="a">sn 83020461 </subfield></datafield><datafield ind1=" " ind2=" " tag="040"><subfield code="a">NPX</subfield><subfield code="b">eng</subfield><subfield code="c">NPX</subfield><subfield code="d">DLC</subfield><subfield code="d">MGN</subfield><subfield code="d">OCLCQ</subfield></datafield><datafield ind1=" " ind2=" " tag="042"><subfield code="a">msc</subfield></datafield><datafield ind1=" " ind2=" " tag="043"><subfield code="a">n-us-ma</subfield></datafield><datafield ind1="0" ind2=" " tag="130"><subfield code="a">Newburyport advertiser (Newburyport, Mass. : 1832)</subfield></datafield><datafield ind1="1" ind2="0" tag="245"><subfield code="a">Newburyport advertiser.</subfield></datafield><datafield ind1=" " ind2=" " tag="260"><subfield code="a">Newburyport [Mass.] :</subfield><subfield code="b">Joseph H. Buckingham,</subfield><subfield code="c">1832.</subfield></datafield><datafield ind1=" " ind2=" " tag="300"><subfield code="a">v. ;</subfield><subfield code="c">57 cm.</subfield></datafield><datafield ind1=" " ind2=" " tag="310"><subfield code="a">Semiweekly</subfield></datafield><datafield ind1="1" ind2=" " tag="362"><subfield code="a">Began in 1832.</subfield></datafield><datafield ind1="0" ind2=" " tag="362"><subfield code="a">-v. 2, no. 126 (July 21, 1832).</subfield></datafield><datafield ind1=" " ind2=" " tag="500"><subfield code="a">Printer: Daniel Wilson O'Brien.</subfield></datafield><datafield ind1=" " ind2=" " tag="500"><subfield code="a">Editor: Joseph H. Buckingham.</subfield></datafield><datafield ind1=" " ind2=" " tag="515"><subfield code="a">Continues numbering of: Newburyport advertiser and Merrimac journal.</subfield></datafield><datafield ind1=" " ind2=" " tag="588"><subfield code="a">Description based on: Jan. 11, 1832.</subfield></datafield><datafield ind1="1" ind2=" " tag="700"><subfield code="a">Buckingham, Joseph H.,</subfield><subfield code="d">1806-1880.</subfield></datafield><datafield ind1=" " ind2=" " tag="752"><subfield code="a">United States</subfield><subfield code="b">Massachusetts</subfield><subfield code="c">Essex</subfield><subfield code="d">Newburyport.</subfield></datafield><datafield ind1="0" ind2="0" tag="780"><subfield code="t">Newburyport advertiser and Merrimac journal of the times</subfield><subfield code="w">(DLC)sn 83020462</subfield></datafield><datafield ind1="1" ind2=" " tag="029"><subfield code="a">AU@</subfield><subfield code="b">000025792416</subfield></datafield></record>